@article{坂原2007,
author = {坂原 洋人 and  升谷 保博 and 宮崎 文夫},
title = {{時空間RRTによる複数移動障害物を考慮したリアルタイム軌道生成}},
journal = {計測自動制御学会},
volume = {43},
number = {4},
pages = {277--284},
year = {2007}
}

@techreport{Lavalle1998,
author = {Steven M. Lavalle},
title = {{Rapidly-Exploring Random Trees: A New Tool for Path Planning}},
institution = {},
year = {1998}
}

@inproceedings{山下2018,
author = {山下 貴大 and 井上 聖也 and 西田 健},
title = {{リカレント型ニューラルネットワークとRapidly-exploring Random Treeによる環境変化に適応可能なパスプランニング}},
booktitle = {ロボティクス・メカトロニクス講演会},
year = {2018}
}


@inproceedings{Koren1991,
author = {Yoram Koren and Johann Borenstein},
title = {{Potential field methods and their inherent limitations for mobile robot navigation}},
booktitle = {IEEE International Conference on Robotics and Automation},
pages = {1398-1404},
year = {1991}
}