@article{1,
  title={QR コードを物品の目印として利用する日常支援ロボットの構想と視野中の QR コードの発見},
  author={NISHINO, Tomohiro and KOJIMA, Mitsuharu and KAKIUCHI, Yohei and YAMAZAKI, Kimitoshi and OKADA, Kei and INABA, Masayuki}
}

@article{2,
  title={不可視マーカを用いた位置・姿勢推定システムの構築および評価},
  author={中里祐介 and 神原誠之 and 横矢直和},
  journal={電子情報通信学会技術研究報告, MVE2007-50},
  pages={73--78},
  year={2007}
}

@article{3,
  title={不可視マーカを用いた位置・姿勢推定のための環境構築とユーザ位置・姿勢推定システム (「複合現実感 4」 特集)},
  author={中里祐介 and 神原誠之 and 横矢直和},
  journal={日本バーチャルリアリティ学会論文誌},
  volume={13},
  number={2},
  pages={257--266},
  year={2008},
  publisher={特定非営利活動法人 日本バーチャルリアリティ学会}
}

@article{4,
  title={不可視マーカを利用した室内環境における人物の位置追跡法に関する研究},
  author={白山晋 and 大澤理恵},
  journal={可視化情報学会論文集},
  volume={37},
  number={2},
  pages={1--10},
  year={2017},
  publisher={社団法人 可視化情報学会}
}




@article{5,
  title={ゆがんだ二次元コードの復号による廃棄物認識 (< 特集> グリーン AI)},
  author={小野智司 and 川上雄大 and 伊藤拓也 and 藤田晋輔 and 中山茂 and 川崎洋 and others},
  journal={人工知能学会誌},
  volume={28},
  number={4},
  pages={575--582},
  year={2013}
}


@inproceedings{6,
  title={ゴミ袋に貼付された歪んだ 2 次元コードの復号},
  author={小野智司 and 川上雄大 and 伊藤拓也 and 澤井陽輔 and 川崎洋 and 中山茂},
  booktitle={人工知能学会全国大会論文集 第 26 回全国大会 (2012)},
  pages={3F1OS196--3F1OS196},
  year={2012},
  organization={一般社団法人 人工知能学会}
}

@article{7,
  title={歪みの補正を目的とした補助線入り二次元コードとその復号方式の提案},
  author={川上雄大 and 伊藤拓也 and 澤井陽輔 and 小野智司 and 川崎洋 and 中山茂},
  journal={電子情報通信学会技術研究報告. PRMU, パターン認識・メディア理解},
  volume={111},
  number={499},
  pages={241--246},
  year={2012},
  publisher={一般社団法人電子情報通信学会}
}



@inproceedings{AAE,
  title={Implicit 3d orientation learning for 6d object detection from rgb images},
  author={Sundermeyer, Martin and Marton, Zoltan-Csaba and Durner, Maximilian and Brucker, Manuel and Triebel, Rudolph},
  booktitle={Proceedings of the European Conference on Computer Vision (ECCV)},
  pages={699--715},
  year={2018}
}


@inproceedings{SSD,
  title={Ssd: Single shot multibox detector},
  author={Liu, Wei and Anguelov, Dragomir and Erhan, Dumitru and Szegedy, Christian and Reed, Scott and Fu, Cheng-Yang and Berg, Alexander C},
  booktitle={European conference on computer vision},
  pages={21--37},
  year={2016},
  organization={Springer}
}

@inproceedings{DAE,
  title={Extracting and composing robust features with denoising autoencoders},
  author={Vincent, Pascal and Larochelle, Hugo and Bengio, Yoshua and Manzagol, Pierre-Antoine},
  booktitle={Proceedings of the 25th international conference on Machine learning},
  pages={1096--1103},
  year={2008}
}

@article{AE,
  title={Reducing the dimensionality of data with neural networks},
  author={Hinton, Geoffrey E and Salakhutdinov, Ruslan R},
  journal={science},
  volume={313},
  number={5786},
  pages={504--507},
  year={2006},
  publisher={American Association for the Advancement of Science}
}


@article{suzuki,
  title={機械学習による変形ARマーカの認識},
  author={鈴木舞香},
  booktitle={卒業論文},
  yaer={ 2021}
}


@Misk{ga,
  title="{Gazebo}",
  note = "\url{http://gazebosim.org/}",
  yaer={last visited Jan 2015)}
}


@Misk{bl,
  title="{blender.org - Home of the Blender project - Free and Open 3D Creation Software}",
  note = "\url{https://www.blender.org/}"
}

@inproceedings{Dm,
  title={Training deep networks with synthetic data: Bridging the reality gap by domain randomization},
  author={Tremblay, Jonathan and Prakash, Aayush and Acuna, David and Brophy, Mark and Jampani, Varun and Anil, Cem and To, Thang and Cameracci, Eric and Boochoon, Shaad and Birchfield, Stan},
  booktitle={Proceedings of the IEEE Conference on Computer Vision and Pattern Recognition Workshops},
  pages={969--977},
  year={2018}
}

